<?xml version="1.0" encoding="UTF-8"?><collection xmlns="http://www.loc.gov/MARC21/slim"><record><leader>00396nam--2200121-i-4500</leader><controlfield tag="001">000013832</controlfield><controlfield tag="002">20161230</controlfield><controlfield tag="005">20161230201030</controlfield><controlfield tag="008">060222s1000------------r-----000-0-eng-d</controlfield><datafield ind1=" " ind2=" " tag="080"><subfield code="a">550.34(061.3)</subfield></datafield><datafield ind1=" " ind2=" " tag="245"><subfield code="a">Comptes rendus des seances de la troisieme con ference reunie a prague du 3 au 10 sept.1927</subfield></datafield><datafield ind1=" " ind2=" " tag="260"><subfield code="a">Toulouse, Union Geodesique Et Geophysique Inte Rnationale, 1928. 126 P</subfield></datafield><datafield ind1=" " ind2=" " tag="852"><subfield code="a">47891</subfield></datafield></record></collection>